<?xml version="1.0" encoding="UTF-8"?><record xmlns="http://www.loc.gov/MARC21/slim" xmlns:cinclude="http://apache.org/cocoon/include/1.0" xmlns:zs="http://www.loc.gov/zing/srw/">
  <leader>00731cz  a2200181n  4500</leader>
  <controlfield tag="001">n  97903958 </controlfield>
  <controlfield tag="003">DLC</controlfield>
  <controlfield tag="005">20130308101044.0</controlfield>
  <controlfield tag="008">980506n| azannaabn          fa ana      </controlfield>
  <datafield tag="010" ind1=" " ind2=" ">
    <subfield code="a">n  97903958 </subfield>
  </datafield>
  <datafield tag="035" ind1=" " ind2=" ">
    <subfield code="a">(OCoLC)oca04785123</subfield>
  </datafield>
  <datafield tag="040" ind1=" " ind2=" ">
    <subfield code="a">DLC</subfield>
    <subfield code="b">eng</subfield>
    <subfield code="e">rda</subfield>
    <subfield code="c">DLC</subfield>
    <subfield code="d">OCoLC</subfield>
    <subfield code="d">DLC</subfield>
  </datafield>
  <datafield tag="110" ind1="1" ind2=" ">
    <subfield code="a">Philippines.</subfield>
    <subfield code="b">Bureau of Working Conditions</subfield>
  </datafield>
  <datafield tag="410" ind1="2" ind2=" ">
    <subfield code="a">BWC</subfield>
  </datafield>
  <datafield tag="410" ind1="1" ind2=" ">
    <subfield code="a">Philippines.</subfield>
    <subfield code="b">Department of Labor &amp; Employment.</subfield>
    <subfield code="b">Bureau of Working Conditions</subfield>
  </datafield>
  <datafield tag="410" ind1="1" ind2=" ">
    <subfield code="a">Philippines.</subfield>
    <subfield code="b">Working Conditions, Bureau of</subfield>
  </datafield>
  <datafield tag="510" ind1="1" ind2=" ">
    <subfield code="w">r</subfield>
    <subfield code="i">Hierarchical superior:</subfield>
    <subfield code="a">Philippines.</subfield>
    <subfield code="b">Department of Labor &amp; Employment</subfield>
  </datafield>
  <datafield tag="670" ind1=" " ind2=" ">
    <subfield code="a">Occupational injuries and work accidents, 1992:</subfield>
    <subfield code="b">t.p. (Department of Labor and Employment, Bureau of Working Conditions) p. i (BWC)</subfield>
  </datafield>
</record>